%YAML 1.1
%TAG !u! tag:unity3d.com,2011:
--- !u!1 &4485047041292287656
GameObject:
  m_ObjectHideFlags: 0
  m_CorrespondingSourceObject: {fileID: 0}
  m_PrefabInstance: {fileID: 0}
  m_PrefabAsset: {fileID: 0}
  serializedVersion: 6
  m_Component:
  - component: {fileID: 5757332138734179847}
  - component: {fileID: 1799194520229063543}
  m_Layer: 8
  m_Name: Tres Caixas
  m_TagString: Untagged
  m_Icon: {fileID: 0}
  m_NavMeshLayer: 0
  m_StaticEditorFlags: 0
  m_IsActive: 1
--- !u!4 &5757332138734179847
Transform:
  m_ObjectHideFlags: 0
  m_CorrespondingSourceObject: {fileID: 0}
  m_PrefabInstance: {fileID: 0}
  m_PrefabAsset: {fileID: 0}
  m_GameObject: {fileID: 4485047041292287656}
  m_LocalRotation: {x: -0, y: -0, z: -0, w: 1}
  m_LocalPosition: {x: 31, y: -7, z: 0}
  m_LocalScale: {x: 1, y: 1, z: 1}
  m_Children:
  - {fileID: 4414144208411425351}
  - {fileID: 9177638992595989914}
  m_Father: {fileID: 0}
  m_RootOrder: 0
  m_LocalEulerAnglesHint: {x: 0, y: 0, z: 0}
--- !u!61 &1799194520229063543
BoxCollider2D:
  m_ObjectHideFlags: 0
  m_CorrespondingSourceObject: {fileID: 0}
  m_PrefabInstance: {fileID: 0}
  m_PrefabAsset: {fileID: 0}
  m_GameObject: {fileID: 4485047041292287656}
  m_Enabled: 1
  m_Density: 1
  m_Material: {fileID: 0}
  m_IsTrigger: 0
  m_UsedByEffector: 0
  m_UsedByComposite: 0
  m_Offset: {x: 0.025101662, y: 1.6654055}
  m_SpriteTilingProperty:
    border: {x: 0, y: 0, z: 0, w: 0}
    pivot: {x: 0, y: 0}
    oldSize: {x: 0, y: 0}
    newSize: {x: 0, y: 0}
    adaptiveTilingThreshold: 0
    drawMode: 0
    adaptiveTiling: 0
  m_AutoTiling: 0
  serializedVersion: 2
  m_Size: {x: 2.2550182, y: 5.4355035}
  m_EdgeRadius: 0
--- !u!1001 &1497819342358704432
PrefabInstance:
  m_ObjectHideFlags: 0
  serializedVersion: 2
  m_Modification:
    m_TransformParent: {fileID: 5757332138734179847}
    m_Modifications:
    - target: {fileID: 3684381049510370876, guid: 600bc89f95ea2f94aa29d45eef9b234a,
        type: 3}
      propertyPath: m_Enabled
      value: 0
      objectReference: {fileID: 0}
    - target: {fileID: 7752054815421285544, guid: 600bc89f95ea2f94aa29d45eef9b234a,
        type: 3}
      propertyPath: m_Name
      value: Box (7)
      objectReference: {fileID: 0}
    - target: {fileID: 7752054815421285545, guid: 600bc89f95ea2f94aa29d45eef9b234a,
        type: 3}
      propertyPath: m_SortingOrder
      value: 2
      objectReference: {fileID: 0}
    - target: {fileID: 7752054815421285546, guid: 600bc89f95ea2f94aa29d45eef9b234a,
        type: 3}
      propertyPath: m_LocalPosition.x
      value: 0
      objectReference: {fileID: 0}
    - target: {fileID: 7752054815421285546, guid: 600bc89f95ea2f94aa29d45eef9b234a,
        type: 3}
      propertyPath: m_LocalPosition.y
      value: 3.47
      objectReference: {fileID: 0}
    - target: {fileID: 7752054815421285546, guid: 600bc89f95ea2f94aa29d45eef9b234a,
        type: 3}
      propertyPath: m_LocalPosition.z
      value: 0
      objectReference: {fileID: 0}
    - target: {fileID: 7752054815421285546, guid: 600bc89f95ea2f94aa29d45eef9b234a,
        type: 3}
      propertyPath: m_LocalRotation.x
      value: -0
      objectReference: {fileID: 0}
    - target: {fileID: 7752054815421285546, guid: 600bc89f95ea2f94aa29d45eef9b234a,
        type: 3}
      propertyPath: m_LocalRotation.y
      value: -0
      objectReference: {fileID: 0}
    - target: {fileID: 7752054815421285546, guid: 600bc89f95ea2f94aa29d45eef9b234a,
        type: 3}
      propertyPath: m_LocalRotation.z
      value: -0
      objectReference: {fileID: 0}
    - target: {fileID: 7752054815421285546, guid: 600bc89f95ea2f94aa29d45eef9b234a,
        type: 3}
      propertyPath: m_LocalRotation.w
      value: 1
      objectReference: {fileID: 0}
    - target: {fileID: 7752054815421285546, guid: 600bc89f95ea2f94aa29d45eef9b234a,
        type: 3}
      propertyPath: m_RootOrder
      value: 1
      objectReference: {fileID: 0}
    - target: {fileID: 7752054815421285546, guid: 600bc89f95ea2f94aa29d45eef9b234a,
        type: 3}
      propertyPath: m_LocalEulerAnglesHint.x
      value: 0
      objectReference: {fileID: 0}
    - target: {fileID: 7752054815421285546, guid: 600bc89f95ea2f94aa29d45eef9b234a,
        type: 3}
      propertyPath: m_LocalEulerAnglesHint.y
      value: 0
      objectReference: {fileID: 0}
    - target: {fileID: 7752054815421285546, guid: 600bc89f95ea2f94aa29d45eef9b234a,
        type: 3}
      propertyPath: m_LocalEulerAnglesHint.z
      value: 0
      objectReference: {fileID: 0}
    m_RemovedComponents: []
  m_SourcePrefab: {fileID: 100100000, guid: 600bc89f95ea2f94aa29d45eef9b234a, type: 3}
--- !u!4 &9177638992595989914 stripped
Transform:
  m_CorrespondingSourceObject: {fileID: 7752054815421285546, guid: 600bc89f95ea2f94aa29d45eef9b234a,
    type: 3}
  m_PrefabInstance: {fileID: 1497819342358704432}
  m_PrefabAsset: {fileID: 0}
--- !u!1001 &3082798410016957752
PrefabInstance:
  m_ObjectHideFlags: 0
  serializedVersion: 2
  m_Modification:
    m_TransformParent: {fileID: 5757332138734179847}
    m_Modifications:
    - target: {fileID: 66671316366793435, guid: f824b90ee6e12374aa590176171e48c9,
        type: 3}
      propertyPath: m_Enabled
      value: 0
      objectReference: {fileID: 0}
    - target: {fileID: 1696304648799313791, guid: f824b90ee6e12374aa590176171e48c9,
        type: 3}
      propertyPath: m_LocalPosition.x
      value: 0
      objectReference: {fileID: 0}
    - target: {fileID: 1696304648799313791, guid: f824b90ee6e12374aa590176171e48c9,
        type: 3}
      propertyPath: m_LocalPosition.y
      value: 0
      objectReference: {fileID: 0}
    - target: {fileID: 1696304648799313791, guid: f824b90ee6e12374aa590176171e48c9,
        type: 3}
      propertyPath: m_LocalPosition.z
      value: 0
      objectReference: {fileID: 0}
    - target: {fileID: 1696304648799313791, guid: f824b90ee6e12374aa590176171e48c9,
        type: 3}
      propertyPath: m_LocalRotation.x
      value: -0
      objectReference: {fileID: 0}
    - target: {fileID: 1696304648799313791, guid: f824b90ee6e12374aa590176171e48c9,
        type: 3}
      propertyPath: m_LocalRotation.y
      value: -0
      objectReference: {fileID: 0}
    - target: {fileID: 1696304648799313791, guid: f824b90ee6e12374aa590176171e48c9,
        type: 3}
      propertyPath: m_LocalRotation.z
      value: -0
      objectReference: {fileID: 0}
    - target: {fileID: 1696304648799313791, guid: f824b90ee6e12374aa590176171e48c9,
        type: 3}
      propertyPath: m_LocalRotation.w
      value: 1
      objectReference: {fileID: 0}
    - target: {fileID: 1696304648799313791, guid: f824b90ee6e12374aa590176171e48c9,
        type: 3}
      propertyPath: m_RootOrder
      value: 0
      objectReference: {fileID: 0}
    - target: {fileID: 1696304648799313791, guid: f824b90ee6e12374aa590176171e48c9,
        type: 3}
      propertyPath: m_LocalEulerAnglesHint.x
      value: 0
      objectReference: {fileID: 0}
    - target: {fileID: 1696304648799313791, guid: f824b90ee6e12374aa590176171e48c9,
        type: 3}
      propertyPath: m_LocalEulerAnglesHint.y
      value: 0
      objectReference: {fileID: 0}
    - target: {fileID: 1696304648799313791, guid: f824b90ee6e12374aa590176171e48c9,
        type: 3}
      propertyPath: m_LocalEulerAnglesHint.z
      value: 0
      objectReference: {fileID: 0}
    - target: {fileID: 1696304648799313791, guid: f824b90ee6e12374aa590176171e48c9,
        type: 3}
      propertyPath: m_LocalScale.x
      value: 1
      objectReference: {fileID: 0}
    - target: {fileID: 1696304648799313791, guid: f824b90ee6e12374aa590176171e48c9,
        type: 3}
      propertyPath: m_LocalScale.y
      value: 1
      objectReference: {fileID: 0}
    - target: {fileID: 7184381915483353313, guid: f824b90ee6e12374aa590176171e48c9,
        type: 3}
      propertyPath: m_Name
      value: Caixa Dupla (1)
      objectReference: {fileID: 0}
    m_RemovedComponents: []
  m_SourcePrefab: {fileID: 100100000, guid: f824b90ee6e12374aa590176171e48c9, type: 3}
--- !u!4 &4414144208411425351 stripped
Transform:
  m_CorrespondingSourceObject: {fileID: 1696304648799313791, guid: f824b90ee6e12374aa590176171e48c9,
    type: 3}
  m_PrefabInstance: {fileID: 3082798410016957752}
  m_PrefabAsset: {fileID: 0}
