%YAML 1.1
%TAG !u! tag:unity3d.com,2011:
--- !u!1 &1673303173890098601
GameObject:
  m_ObjectHideFlags: 0
  m_CorrespondingSourceObject: {fileID: 0}
  m_PrefabInstance: {fileID: 0}
  m_PrefabAsset: {fileID: 0}
  serializedVersion: 6
  m_Component:
  - component: {fileID: 1673303173890098614}
  m_Layer: 0
  m_Name: End
  m_TagString: Untagged
  m_Icon: {fileID: -964228994112308473, guid: 0000000000000000d000000000000000, type: 0}
  m_NavMeshLayer: 0
  m_StaticEditorFlags: 0
  m_IsActive: 1
--- !u!4 &1673303173890098614
Transform:
  m_ObjectHideFlags: 0
  m_CorrespondingSourceObject: {fileID: 0}
  m_PrefabInstance: {fileID: 0}
  m_PrefabAsset: {fileID: 0}
  m_GameObject: {fileID: 1673303173890098601}
  m_LocalRotation: {x: 0, y: 0, z: 0, w: 1}
  m_LocalPosition: {x: 39.8, y: 0, z: 0}
  m_LocalScale: {x: 1, y: 1, z: 1}
  m_Children: []
  m_Father: {fileID: 1673303175632759761}
  m_RootOrder: 0
  m_LocalEulerAnglesHint: {x: 0, y: 0, z: 0}
--- !u!1 &1673303175632759763
GameObject:
  m_ObjectHideFlags: 0
  m_CorrespondingSourceObject: {fileID: 0}
  m_PrefabInstance: {fileID: 0}
  m_PrefabAsset: {fileID: 0}
  serializedVersion: 6
  m_Component:
  - component: {fileID: 1673303175632759761}
  - component: {fileID: 1673303175632759760}
  m_Layer: 0
  m_Name: Section 22
  m_TagString: Untagged
  m_Icon: {fileID: 0}
  m_NavMeshLayer: 0
  m_StaticEditorFlags: 0
  m_IsActive: 1
--- !u!4 &1673303175632759761
Transform:
  m_ObjectHideFlags: 0
  m_CorrespondingSourceObject: {fileID: 0}
  m_PrefabInstance: {fileID: 0}
  m_PrefabAsset: {fileID: 0}
  m_GameObject: {fileID: 1673303175632759763}
  m_LocalRotation: {x: 0, y: 0, z: 0, w: 1}
  m_LocalPosition: {x: 0, y: 0, z: 0}
  m_LocalScale: {x: 1, y: 1, z: 1}
  m_Children:
  - {fileID: 1673303173890098614}
  - {fileID: 6327446034623168309}
  - {fileID: 6327446033421347876}
  - {fileID: 1485276722760215456}
  - {fileID: 5070981652507781356}
  - {fileID: 2377420337025973022}
  - {fileID: 3490423285468720348}
  m_Father: {fileID: 0}
  m_RootOrder: 0
  m_LocalEulerAnglesHint: {x: 0, y: 0, z: 0}
--- !u!114 &1673303175632759760
MonoBehaviour:
  m_ObjectHideFlags: 0
  m_CorrespondingSourceObject: {fileID: 0}
  m_PrefabInstance: {fileID: 0}
  m_PrefabAsset: {fileID: 0}
  m_GameObject: {fileID: 1673303175632759763}
  m_Enabled: 1
  m_EditorHideFlags: 0
  m_Script: {fileID: 11500000, guid: ccd5576983c0c9d44848dbb0c133cd5f, type: 3}
  m_Name: 
  m_EditorClassIdentifier: 
  speed: 5
  horizontalLength: 0
--- !u!1001 &1673303174600508052
PrefabInstance:
  m_ObjectHideFlags: 0
  serializedVersion: 2
  m_Modification:
    m_TransformParent: {fileID: 1673303175632759761}
    m_Modifications:
    - target: {fileID: 262342445589571892, guid: 10634200dc4f2cc49b971944c0f92ca6,
        type: 3}
      propertyPath: m_LocalPosition.x
      value: 22.04
      objectReference: {fileID: 0}
    - target: {fileID: 262342445589571892, guid: 10634200dc4f2cc49b971944c0f92ca6,
        type: 3}
      propertyPath: m_LocalPosition.y
      value: -6.5
      objectReference: {fileID: 0}
    - target: {fileID: 262342445589571892, guid: 10634200dc4f2cc49b971944c0f92ca6,
        type: 3}
      propertyPath: m_LocalPosition.z
      value: 0
      objectReference: {fileID: 0}
    - target: {fileID: 262342445589571892, guid: 10634200dc4f2cc49b971944c0f92ca6,
        type: 3}
      propertyPath: m_LocalRotation.x
      value: 0
      objectReference: {fileID: 0}
    - target: {fileID: 262342445589571892, guid: 10634200dc4f2cc49b971944c0f92ca6,
        type: 3}
      propertyPath: m_LocalRotation.y
      value: 0
      objectReference: {fileID: 0}
    - target: {fileID: 262342445589571892, guid: 10634200dc4f2cc49b971944c0f92ca6,
        type: 3}
      propertyPath: m_LocalRotation.z
      value: 0
      objectReference: {fileID: 0}
    - target: {fileID: 262342445589571892, guid: 10634200dc4f2cc49b971944c0f92ca6,
        type: 3}
      propertyPath: m_LocalRotation.w
      value: 1
      objectReference: {fileID: 0}
    - target: {fileID: 262342445589571892, guid: 10634200dc4f2cc49b971944c0f92ca6,
        type: 3}
      propertyPath: m_RootOrder
      value: 3
      objectReference: {fileID: 0}
    - target: {fileID: 262342445589571892, guid: 10634200dc4f2cc49b971944c0f92ca6,
        type: 3}
      propertyPath: m_LocalEulerAnglesHint.x
      value: 0
      objectReference: {fileID: 0}
    - target: {fileID: 262342445589571892, guid: 10634200dc4f2cc49b971944c0f92ca6,
        type: 3}
      propertyPath: m_LocalEulerAnglesHint.y
      value: 0
      objectReference: {fileID: 0}
    - target: {fileID: 262342445589571892, guid: 10634200dc4f2cc49b971944c0f92ca6,
        type: 3}
      propertyPath: m_LocalEulerAnglesHint.z
      value: 0
      objectReference: {fileID: 0}
    - target: {fileID: 262342445589571894, guid: 10634200dc4f2cc49b971944c0f92ca6,
        type: 3}
      propertyPath: m_Name
      value: Feno
      objectReference: {fileID: 0}
    m_RemovedComponents: []
  m_SourcePrefab: {fileID: 100100000, guid: 10634200dc4f2cc49b971944c0f92ca6, type: 3}
--- !u!4 &1485276722760215456 stripped
Transform:
  m_CorrespondingSourceObject: {fileID: 262342445589571892, guid: 10634200dc4f2cc49b971944c0f92ca6,
    type: 3}
  m_PrefabInstance: {fileID: 1673303174600508052}
  m_PrefabAsset: {fileID: 0}
--- !u!1001 &1673303174615848498
PrefabInstance:
  m_ObjectHideFlags: 0
  serializedVersion: 2
  m_Modification:
    m_TransformParent: {fileID: 1673303175632759761}
    m_Modifications:
    - target: {fileID: 4681314772103887380, guid: 84a2f86aebd38354ea7cd2011afa8eaa,
        type: 3}
      propertyPath: m_Name
      value: Feno Static (1)
      objectReference: {fileID: 0}
    - target: {fileID: 4681314772103887382, guid: 84a2f86aebd38354ea7cd2011afa8eaa,
        type: 3}
      propertyPath: m_LocalPosition.x
      value: 30.2
      objectReference: {fileID: 0}
    - target: {fileID: 4681314772103887382, guid: 84a2f86aebd38354ea7cd2011afa8eaa,
        type: 3}
      propertyPath: m_LocalPosition.y
      value: -6.1
      objectReference: {fileID: 0}
    - target: {fileID: 4681314772103887382, guid: 84a2f86aebd38354ea7cd2011afa8eaa,
        type: 3}
      propertyPath: m_LocalPosition.z
      value: 0
      objectReference: {fileID: 0}
    - target: {fileID: 4681314772103887382, guid: 84a2f86aebd38354ea7cd2011afa8eaa,
        type: 3}
      propertyPath: m_LocalRotation.x
      value: -0
      objectReference: {fileID: 0}
    - target: {fileID: 4681314772103887382, guid: 84a2f86aebd38354ea7cd2011afa8eaa,
        type: 3}
      propertyPath: m_LocalRotation.y
      value: -0
      objectReference: {fileID: 0}
    - target: {fileID: 4681314772103887382, guid: 84a2f86aebd38354ea7cd2011afa8eaa,
        type: 3}
      propertyPath: m_LocalRotation.z
      value: -0
      objectReference: {fileID: 0}
    - target: {fileID: 4681314772103887382, guid: 84a2f86aebd38354ea7cd2011afa8eaa,
        type: 3}
      propertyPath: m_LocalRotation.w
      value: 1
      objectReference: {fileID: 0}
    - target: {fileID: 4681314772103887382, guid: 84a2f86aebd38354ea7cd2011afa8eaa,
        type: 3}
      propertyPath: m_RootOrder
      value: 2
      objectReference: {fileID: 0}
    - target: {fileID: 4681314772103887382, guid: 84a2f86aebd38354ea7cd2011afa8eaa,
        type: 3}
      propertyPath: m_LocalEulerAnglesHint.x
      value: 0
      objectReference: {fileID: 0}
    - target: {fileID: 4681314772103887382, guid: 84a2f86aebd38354ea7cd2011afa8eaa,
        type: 3}
      propertyPath: m_LocalEulerAnglesHint.y
      value: 0
      objectReference: {fileID: 0}
    - target: {fileID: 4681314772103887382, guid: 84a2f86aebd38354ea7cd2011afa8eaa,
        type: 3}
      propertyPath: m_LocalEulerAnglesHint.z
      value: 0
      objectReference: {fileID: 0}
    m_RemovedComponents: []
  m_SourcePrefab: {fileID: 100100000, guid: 84a2f86aebd38354ea7cd2011afa8eaa, type: 3}
--- !u!4 &6327446033421347876 stripped
Transform:
  m_CorrespondingSourceObject: {fileID: 4681314772103887382, guid: 84a2f86aebd38354ea7cd2011afa8eaa,
    type: 3}
  m_PrefabInstance: {fileID: 1673303174615848498}
  m_PrefabAsset: {fileID: 0}
--- !u!1001 &1673303175022076167
PrefabInstance:
  m_ObjectHideFlags: 0
  serializedVersion: 2
  m_Modification:
    m_TransformParent: {fileID: 1673303175632759761}
    m_Modifications:
    - target: {fileID: 4019057411670252057, guid: c196d1545d6d65d40b7038791a211ad0,
        type: 3}
      propertyPath: m_LocalPosition.x
      value: 15.2
      objectReference: {fileID: 0}
    - target: {fileID: 4019057411670252057, guid: c196d1545d6d65d40b7038791a211ad0,
        type: 3}
      propertyPath: m_LocalPosition.y
      value: 4
      objectReference: {fileID: 0}
    - target: {fileID: 4019057411670252057, guid: c196d1545d6d65d40b7038791a211ad0,
        type: 3}
      propertyPath: m_LocalPosition.z
      value: 0
      objectReference: {fileID: 0}
    - target: {fileID: 4019057411670252057, guid: c196d1545d6d65d40b7038791a211ad0,
        type: 3}
      propertyPath: m_LocalRotation.x
      value: -0
      objectReference: {fileID: 0}
    - target: {fileID: 4019057411670252057, guid: c196d1545d6d65d40b7038791a211ad0,
        type: 3}
      propertyPath: m_LocalRotation.y
      value: -0
      objectReference: {fileID: 0}
    - target: {fileID: 4019057411670252057, guid: c196d1545d6d65d40b7038791a211ad0,
        type: 3}
      propertyPath: m_LocalRotation.z
      value: -0
      objectReference: {fileID: 0}
    - target: {fileID: 4019057411670252057, guid: c196d1545d6d65d40b7038791a211ad0,
        type: 3}
      propertyPath: m_LocalRotation.w
      value: 1
      objectReference: {fileID: 0}
    - target: {fileID: 4019057411670252057, guid: c196d1545d6d65d40b7038791a211ad0,
        type: 3}
      propertyPath: m_RootOrder
      value: 5
      objectReference: {fileID: 0}
    - target: {fileID: 4019057411670252057, guid: c196d1545d6d65d40b7038791a211ad0,
        type: 3}
      propertyPath: m_LocalEulerAnglesHint.x
      value: 0
      objectReference: {fileID: 0}
    - target: {fileID: 4019057411670252057, guid: c196d1545d6d65d40b7038791a211ad0,
        type: 3}
      propertyPath: m_LocalEulerAnglesHint.y
      value: 0
      objectReference: {fileID: 0}
    - target: {fileID: 4019057411670252057, guid: c196d1545d6d65d40b7038791a211ad0,
        type: 3}
      propertyPath: m_LocalEulerAnglesHint.z
      value: 0
      objectReference: {fileID: 0}
    - target: {fileID: 4019057411670252059, guid: c196d1545d6d65d40b7038791a211ad0,
        type: 3}
      propertyPath: m_Name
      value: Fan
      objectReference: {fileID: 0}
    m_RemovedComponents: []
  m_SourcePrefab: {fileID: 100100000, guid: c196d1545d6d65d40b7038791a211ad0, type: 3}
--- !u!4 &2377420337025973022 stripped
Transform:
  m_CorrespondingSourceObject: {fileID: 4019057411670252057, guid: c196d1545d6d65d40b7038791a211ad0,
    type: 3}
  m_PrefabInstance: {fileID: 1673303175022076167}
  m_PrefabAsset: {fileID: 0}
--- !u!1001 &1673303175228340802
PrefabInstance:
  m_ObjectHideFlags: 0
  serializedVersion: 2
  m_Modification:
    m_TransformParent: {fileID: 1673303175632759761}
    m_Modifications:
    - target: {fileID: 5865791924417024684, guid: aedb9e265645987498d7b6c0d9984e9c,
        type: 3}
      propertyPath: m_Name
      value: Chandelier
      objectReference: {fileID: 0}
    - target: {fileID: 5865791924417024686, guid: aedb9e265645987498d7b6c0d9984e9c,
        type: 3}
      propertyPath: m_LocalPosition.x
      value: 6.73
      objectReference: {fileID: 0}
    - target: {fileID: 5865791924417024686, guid: aedb9e265645987498d7b6c0d9984e9c,
        type: 3}
      propertyPath: m_LocalPosition.y
      value: 4
      objectReference: {fileID: 0}
    - target: {fileID: 5865791924417024686, guid: aedb9e265645987498d7b6c0d9984e9c,
        type: 3}
      propertyPath: m_LocalPosition.z
      value: 0
      objectReference: {fileID: 0}
    - target: {fileID: 5865791924417024686, guid: aedb9e265645987498d7b6c0d9984e9c,
        type: 3}
      propertyPath: m_LocalRotation.x
      value: -0
      objectReference: {fileID: 0}
    - target: {fileID: 5865791924417024686, guid: aedb9e265645987498d7b6c0d9984e9c,
        type: 3}
      propertyPath: m_LocalRotation.y
      value: -0
      objectReference: {fileID: 0}
    - target: {fileID: 5865791924417024686, guid: aedb9e265645987498d7b6c0d9984e9c,
        type: 3}
      propertyPath: m_LocalRotation.z
      value: -0
      objectReference: {fileID: 0}
    - target: {fileID: 5865791924417024686, guid: aedb9e265645987498d7b6c0d9984e9c,
        type: 3}
      propertyPath: m_LocalRotation.w
      value: 1
      objectReference: {fileID: 0}
    - target: {fileID: 5865791924417024686, guid: aedb9e265645987498d7b6c0d9984e9c,
        type: 3}
      propertyPath: m_RootOrder
      value: 4
      objectReference: {fileID: 0}
    - target: {fileID: 5865791924417024686, guid: aedb9e265645987498d7b6c0d9984e9c,
        type: 3}
      propertyPath: m_LocalEulerAnglesHint.x
      value: 0
      objectReference: {fileID: 0}
    - target: {fileID: 5865791924417024686, guid: aedb9e265645987498d7b6c0d9984e9c,
        type: 3}
      propertyPath: m_LocalEulerAnglesHint.y
      value: 0
      objectReference: {fileID: 0}
    - target: {fileID: 5865791924417024686, guid: aedb9e265645987498d7b6c0d9984e9c,
        type: 3}
      propertyPath: m_LocalEulerAnglesHint.z
      value: 0
      objectReference: {fileID: 0}
    m_RemovedComponents: []
  m_SourcePrefab: {fileID: 100100000, guid: aedb9e265645987498d7b6c0d9984e9c, type: 3}
--- !u!4 &5070981652507781356 stripped
Transform:
  m_CorrespondingSourceObject: {fileID: 5865791924417024686, guid: aedb9e265645987498d7b6c0d9984e9c,
    type: 3}
  m_PrefabInstance: {fileID: 1673303175228340802}
  m_PrefabAsset: {fileID: 0}
--- !u!1001 &1673303175548929315
PrefabInstance:
  m_ObjectHideFlags: 0
  serializedVersion: 2
  m_Modification:
    m_TransformParent: {fileID: 1673303175632759761}
    m_Modifications:
    - target: {fileID: 4681314772103887380, guid: 84a2f86aebd38354ea7cd2011afa8eaa,
        type: 3}
      propertyPath: m_Name
      value: Feno Static
      objectReference: {fileID: 0}
    - target: {fileID: 4681314772103887382, guid: 84a2f86aebd38354ea7cd2011afa8eaa,
        type: 3}
      propertyPath: m_LocalPosition.x
      value: 14.2
      objectReference: {fileID: 0}
    - target: {fileID: 4681314772103887382, guid: 84a2f86aebd38354ea7cd2011afa8eaa,
        type: 3}
      propertyPath: m_LocalPosition.y
      value: -6.1
      objectReference: {fileID: 0}
    - target: {fileID: 4681314772103887382, guid: 84a2f86aebd38354ea7cd2011afa8eaa,
        type: 3}
      propertyPath: m_LocalPosition.z
      value: 0
      objectReference: {fileID: 0}
    - target: {fileID: 4681314772103887382, guid: 84a2f86aebd38354ea7cd2011afa8eaa,
        type: 3}
      propertyPath: m_LocalRotation.x
      value: -0
      objectReference: {fileID: 0}
    - target: {fileID: 4681314772103887382, guid: 84a2f86aebd38354ea7cd2011afa8eaa,
        type: 3}
      propertyPath: m_LocalRotation.y
      value: -0
      objectReference: {fileID: 0}
    - target: {fileID: 4681314772103887382, guid: 84a2f86aebd38354ea7cd2011afa8eaa,
        type: 3}
      propertyPath: m_LocalRotation.z
      value: -0
      objectReference: {fileID: 0}
    - target: {fileID: 4681314772103887382, guid: 84a2f86aebd38354ea7cd2011afa8eaa,
        type: 3}
      propertyPath: m_LocalRotation.w
      value: 1
      objectReference: {fileID: 0}
    - target: {fileID: 4681314772103887382, guid: 84a2f86aebd38354ea7cd2011afa8eaa,
        type: 3}
      propertyPath: m_RootOrder
      value: 1
      objectReference: {fileID: 0}
    - target: {fileID: 4681314772103887382, guid: 84a2f86aebd38354ea7cd2011afa8eaa,
        type: 3}
      propertyPath: m_LocalEulerAnglesHint.x
      value: 0
      objectReference: {fileID: 0}
    - target: {fileID: 4681314772103887382, guid: 84a2f86aebd38354ea7cd2011afa8eaa,
        type: 3}
      propertyPath: m_LocalEulerAnglesHint.y
      value: 0
      objectReference: {fileID: 0}
    - target: {fileID: 4681314772103887382, guid: 84a2f86aebd38354ea7cd2011afa8eaa,
        type: 3}
      propertyPath: m_LocalEulerAnglesHint.z
      value: 0
      objectReference: {fileID: 0}
    m_RemovedComponents: []
  m_SourcePrefab: {fileID: 100100000, guid: 84a2f86aebd38354ea7cd2011afa8eaa, type: 3}
--- !u!4 &6327446034623168309 stripped
Transform:
  m_CorrespondingSourceObject: {fileID: 4681314772103887382, guid: 84a2f86aebd38354ea7cd2011afa8eaa,
    type: 3}
  m_PrefabInstance: {fileID: 1673303175548929315}
  m_PrefabAsset: {fileID: 0}
--- !u!1001 &2880620869189350307
PrefabInstance:
  m_ObjectHideFlags: 0
  serializedVersion: 2
  m_Modification:
    m_TransformParent: {fileID: 1673303175632759761}
    m_Modifications:
    - target: {fileID: 1696304648799313791, guid: f824b90ee6e12374aa590176171e48c9,
        type: 3}
      propertyPath: m_LocalPosition.x
      value: 8.5
      objectReference: {fileID: 0}
    - target: {fileID: 1696304648799313791, guid: f824b90ee6e12374aa590176171e48c9,
        type: 3}
      propertyPath: m_LocalPosition.y
      value: -5.73
      objectReference: {fileID: 0}
    - target: {fileID: 1696304648799313791, guid: f824b90ee6e12374aa590176171e48c9,
        type: 3}
      propertyPath: m_LocalPosition.z
      value: 0
      objectReference: {fileID: 0}
    - target: {fileID: 1696304648799313791, guid: f824b90ee6e12374aa590176171e48c9,
        type: 3}
      propertyPath: m_LocalRotation.x
      value: -0
      objectReference: {fileID: 0}
    - target: {fileID: 1696304648799313791, guid: f824b90ee6e12374aa590176171e48c9,
        type: 3}
      propertyPath: m_LocalRotation.y
      value: -0
      objectReference: {fileID: 0}
    - target: {fileID: 1696304648799313791, guid: f824b90ee6e12374aa590176171e48c9,
        type: 3}
      propertyPath: m_LocalRotation.z
      value: -0
      objectReference: {fileID: 0}
    - target: {fileID: 1696304648799313791, guid: f824b90ee6e12374aa590176171e48c9,
        type: 3}
      propertyPath: m_LocalRotation.w
      value: 1
      objectReference: {fileID: 0}
    - target: {fileID: 1696304648799313791, guid: f824b90ee6e12374aa590176171e48c9,
        type: 3}
      propertyPath: m_RootOrder
      value: 6
      objectReference: {fileID: 0}
    - target: {fileID: 1696304648799313791, guid: f824b90ee6e12374aa590176171e48c9,
        type: 3}
      propertyPath: m_LocalEulerAnglesHint.x
      value: 0
      objectReference: {fileID: 0}
    - target: {fileID: 1696304648799313791, guid: f824b90ee6e12374aa590176171e48c9,
        type: 3}
      propertyPath: m_LocalEulerAnglesHint.y
      value: 0
      objectReference: {fileID: 0}
    - target: {fileID: 1696304648799313791, guid: f824b90ee6e12374aa590176171e48c9,
        type: 3}
      propertyPath: m_LocalEulerAnglesHint.z
      value: 0
      objectReference: {fileID: 0}
    - target: {fileID: 7184381915483353313, guid: f824b90ee6e12374aa590176171e48c9,
        type: 3}
      propertyPath: m_Name
      value: Caixa Dupla
      objectReference: {fileID: 0}
    m_RemovedComponents: []
  m_SourcePrefab: {fileID: 100100000, guid: f824b90ee6e12374aa590176171e48c9, type: 3}
--- !u!4 &3490423285468720348 stripped
Transform:
  m_CorrespondingSourceObject: {fileID: 1696304648799313791, guid: f824b90ee6e12374aa590176171e48c9,
    type: 3}
  m_PrefabInstance: {fileID: 2880620869189350307}
  m_PrefabAsset: {fileID: 0}
