%YAML 1.1
%TAG !u! tag:unity3d.com,2011:
--- !u!1 &5687558435495868646
GameObject:
  m_ObjectHideFlags: 0
  m_CorrespondingSourceObject: {fileID: 0}
  m_PrefabInstance: {fileID: 0}
  m_PrefabAsset: {fileID: 0}
  serializedVersion: 6
  m_Component:
  - component: {fileID: 5687558435495868648}
  - component: {fileID: 5687558435495868649}
  m_Layer: 0
  m_Name: Section 11
  m_TagString: Untagged
  m_Icon: {fileID: 0}
  m_NavMeshLayer: 0
  m_StaticEditorFlags: 0
  m_IsActive: 1
--- !u!4 &5687558435495868648
Transform:
  m_ObjectHideFlags: 0
  m_CorrespondingSourceObject: {fileID: 0}
  m_PrefabInstance: {fileID: 0}
  m_PrefabAsset: {fileID: 0}
  m_GameObject: {fileID: 5687558435495868646}
  m_LocalRotation: {x: 0, y: 0, z: 0, w: 1}
  m_LocalPosition: {x: 0, y: 0, z: 0}
  m_LocalScale: {x: 1, y: 1, z: 1}
  m_Children:
  - {fileID: 5687558436111512416}
  - {fileID: 1403690461563776042}
  - {fileID: 1403690461710151974}
  - {fileID: 2272416680610205722}
  - {fileID: 8730451282487879184}
  - {fileID: 2272416678948359025}
  - {fileID: 2183465830654812798}
  - {fileID: 1073711127316578144}
  - {fileID: 1321489204103998643}
  m_Father: {fileID: 0}
  m_RootOrder: 0
  m_LocalEulerAnglesHint: {x: 0, y: 0, z: 0}
--- !u!114 &5687558435495868649
MonoBehaviour:
  m_ObjectHideFlags: 0
  m_CorrespondingSourceObject: {fileID: 0}
  m_PrefabInstance: {fileID: 0}
  m_PrefabAsset: {fileID: 0}
  m_GameObject: {fileID: 5687558435495868646}
  m_Enabled: 1
  m_EditorHideFlags: 0
  m_Script: {fileID: 11500000, guid: ccd5576983c0c9d44848dbb0c133cd5f, type: 3}
  m_Name: 
  m_EditorClassIdentifier: 
  speed: 5
  horizontalLength: 39.8
--- !u!1 &5687558436111512417
GameObject:
  m_ObjectHideFlags: 0
  m_CorrespondingSourceObject: {fileID: 0}
  m_PrefabInstance: {fileID: 0}
  m_PrefabAsset: {fileID: 0}
  serializedVersion: 6
  m_Component:
  - component: {fileID: 5687558436111512416}
  m_Layer: 0
  m_Name: End
  m_TagString: Untagged
  m_Icon: {fileID: -964228994112308473, guid: 0000000000000000d000000000000000, type: 0}
  m_NavMeshLayer: 0
  m_StaticEditorFlags: 0
  m_IsActive: 1
--- !u!4 &5687558436111512416
Transform:
  m_ObjectHideFlags: 0
  m_CorrespondingSourceObject: {fileID: 0}
  m_PrefabInstance: {fileID: 0}
  m_PrefabAsset: {fileID: 0}
  m_GameObject: {fileID: 5687558436111512417}
  m_LocalRotation: {x: 0, y: 0, z: 0, w: 1}
  m_LocalPosition: {x: 39.8, y: 0, z: 0}
  m_LocalScale: {x: 1, y: 1, z: 1}
  m_Children: []
  m_Father: {fileID: 5687558435495868648}
  m_RootOrder: 0
  m_LocalEulerAnglesHint: {x: 0, y: 0, z: 0}
--- !u!1001 &422392212931163084
PrefabInstance:
  m_ObjectHideFlags: 0
  serializedVersion: 2
  m_Modification:
    m_TransformParent: {fileID: 5687558435495868648}
    m_Modifications:
    - target: {fileID: 1696304648799313791, guid: f824b90ee6e12374aa590176171e48c9,
        type: 3}
      propertyPath: m_LocalPosition.x
      value: 38
      objectReference: {fileID: 0}
    - target: {fileID: 1696304648799313791, guid: f824b90ee6e12374aa590176171e48c9,
        type: 3}
      propertyPath: m_LocalPosition.y
      value: -5.73
      objectReference: {fileID: 0}
    - target: {fileID: 1696304648799313791, guid: f824b90ee6e12374aa590176171e48c9,
        type: 3}
      propertyPath: m_LocalPosition.z
      value: 0
      objectReference: {fileID: 0}
    - target: {fileID: 1696304648799313791, guid: f824b90ee6e12374aa590176171e48c9,
        type: 3}
      propertyPath: m_LocalRotation.x
      value: -0
      objectReference: {fileID: 0}
    - target: {fileID: 1696304648799313791, guid: f824b90ee6e12374aa590176171e48c9,
        type: 3}
      propertyPath: m_LocalRotation.y
      value: -0
      objectReference: {fileID: 0}
    - target: {fileID: 1696304648799313791, guid: f824b90ee6e12374aa590176171e48c9,
        type: 3}
      propertyPath: m_LocalRotation.z
      value: -0
      objectReference: {fileID: 0}
    - target: {fileID: 1696304648799313791, guid: f824b90ee6e12374aa590176171e48c9,
        type: 3}
      propertyPath: m_LocalRotation.w
      value: 1
      objectReference: {fileID: 0}
    - target: {fileID: 1696304648799313791, guid: f824b90ee6e12374aa590176171e48c9,
        type: 3}
      propertyPath: m_RootOrder
      value: 8
      objectReference: {fileID: 0}
    - target: {fileID: 1696304648799313791, guid: f824b90ee6e12374aa590176171e48c9,
        type: 3}
      propertyPath: m_LocalEulerAnglesHint.x
      value: 0
      objectReference: {fileID: 0}
    - target: {fileID: 1696304648799313791, guid: f824b90ee6e12374aa590176171e48c9,
        type: 3}
      propertyPath: m_LocalEulerAnglesHint.y
      value: 0
      objectReference: {fileID: 0}
    - target: {fileID: 1696304648799313791, guid: f824b90ee6e12374aa590176171e48c9,
        type: 3}
      propertyPath: m_LocalEulerAnglesHint.z
      value: 0
      objectReference: {fileID: 0}
    - target: {fileID: 7184381915483353313, guid: f824b90ee6e12374aa590176171e48c9,
        type: 3}
      propertyPath: m_Name
      value: Caixa Dupla
      objectReference: {fileID: 0}
    m_RemovedComponents: []
  m_SourcePrefab: {fileID: 100100000, guid: f824b90ee6e12374aa590176171e48c9, type: 3}
--- !u!4 &1321489204103998643 stripped
Transform:
  m_CorrespondingSourceObject: {fileID: 1696304648799313791, guid: f824b90ee6e12374aa590176171e48c9,
    type: 3}
  m_PrefabInstance: {fileID: 422392212931163084}
  m_PrefabAsset: {fileID: 0}
--- !u!1001 &2939473871236019989
PrefabInstance:
  m_ObjectHideFlags: 0
  serializedVersion: 2
  m_Modification:
    m_TransformParent: {fileID: 5687558435495868648}
    m_Modifications:
    - target: {fileID: 2751010518331689077, guid: 6f001993c9699bc478521ec65d7140c0,
        type: 3}
      propertyPath: m_LocalPosition.x
      value: 29.7
      objectReference: {fileID: 0}
    - target: {fileID: 2751010518331689077, guid: 6f001993c9699bc478521ec65d7140c0,
        type: 3}
      propertyPath: m_LocalPosition.y
      value: -5.2
      objectReference: {fileID: 0}
    - target: {fileID: 2751010518331689077, guid: 6f001993c9699bc478521ec65d7140c0,
        type: 3}
      propertyPath: m_LocalPosition.z
      value: 0
      objectReference: {fileID: 0}
    - target: {fileID: 2751010518331689077, guid: 6f001993c9699bc478521ec65d7140c0,
        type: 3}
      propertyPath: m_LocalRotation.x
      value: -0
      objectReference: {fileID: 0}
    - target: {fileID: 2751010518331689077, guid: 6f001993c9699bc478521ec65d7140c0,
        type: 3}
      propertyPath: m_LocalRotation.y
      value: -0
      objectReference: {fileID: 0}
    - target: {fileID: 2751010518331689077, guid: 6f001993c9699bc478521ec65d7140c0,
        type: 3}
      propertyPath: m_LocalRotation.z
      value: -0
      objectReference: {fileID: 0}
    - target: {fileID: 2751010518331689077, guid: 6f001993c9699bc478521ec65d7140c0,
        type: 3}
      propertyPath: m_LocalRotation.w
      value: 1
      objectReference: {fileID: 0}
    - target: {fileID: 2751010518331689077, guid: 6f001993c9699bc478521ec65d7140c0,
        type: 3}
      propertyPath: m_RootOrder
      value: 7
      objectReference: {fileID: 0}
    - target: {fileID: 2751010518331689077, guid: 6f001993c9699bc478521ec65d7140c0,
        type: 3}
      propertyPath: m_LocalEulerAnglesHint.x
      value: 0
      objectReference: {fileID: 0}
    - target: {fileID: 2751010518331689077, guid: 6f001993c9699bc478521ec65d7140c0,
        type: 3}
      propertyPath: m_LocalEulerAnglesHint.y
      value: 0
      objectReference: {fileID: 0}
    - target: {fileID: 2751010518331689077, guid: 6f001993c9699bc478521ec65d7140c0,
        type: 3}
      propertyPath: m_LocalEulerAnglesHint.z
      value: 0
      objectReference: {fileID: 0}
    - target: {fileID: 6871345367324844117, guid: 6f001993c9699bc478521ec65d7140c0,
        type: 3}
      propertyPath: m_Name
      value: Conjunto Fenos
      objectReference: {fileID: 0}
    m_RemovedComponents: []
  m_SourcePrefab: {fileID: 100100000, guid: 6f001993c9699bc478521ec65d7140c0, type: 3}
--- !u!4 &1073711127316578144 stripped
Transform:
  m_CorrespondingSourceObject: {fileID: 2751010518331689077, guid: 6f001993c9699bc478521ec65d7140c0,
    type: 3}
  m_PrefabInstance: {fileID: 2939473871236019989}
  m_PrefabAsset: {fileID: 0}
--- !u!1001 &5687558434645000884
PrefabInstance:
  m_ObjectHideFlags: 0
  serializedVersion: 2
  m_Modification:
    m_TransformParent: {fileID: 5687558435495868648}
    m_Modifications:
    - target: {fileID: 5865791924417024684, guid: aedb9e265645987498d7b6c0d9984e9c,
        type: 3}
      propertyPath: m_Name
      value: Chandelier
      objectReference: {fileID: 0}
    - target: {fileID: 5865791924417024686, guid: aedb9e265645987498d7b6c0d9984e9c,
        type: 3}
      propertyPath: m_LocalPosition.x
      value: 8.2
      objectReference: {fileID: 0}
    - target: {fileID: 5865791924417024686, guid: aedb9e265645987498d7b6c0d9984e9c,
        type: 3}
      propertyPath: m_LocalPosition.y
      value: 4
      objectReference: {fileID: 0}
    - target: {fileID: 5865791924417024686, guid: aedb9e265645987498d7b6c0d9984e9c,
        type: 3}
      propertyPath: m_LocalPosition.z
      value: 0
      objectReference: {fileID: 0}
    - target: {fileID: 5865791924417024686, guid: aedb9e265645987498d7b6c0d9984e9c,
        type: 3}
      propertyPath: m_LocalRotation.x
      value: -0
      objectReference: {fileID: 0}
    - target: {fileID: 5865791924417024686, guid: aedb9e265645987498d7b6c0d9984e9c,
        type: 3}
      propertyPath: m_LocalRotation.y
      value: -0
      objectReference: {fileID: 0}
    - target: {fileID: 5865791924417024686, guid: aedb9e265645987498d7b6c0d9984e9c,
        type: 3}
      propertyPath: m_LocalRotation.z
      value: -0
      objectReference: {fileID: 0}
    - target: {fileID: 5865791924417024686, guid: aedb9e265645987498d7b6c0d9984e9c,
        type: 3}
      propertyPath: m_LocalRotation.w
      value: 1
      objectReference: {fileID: 0}
    - target: {fileID: 5865791924417024686, guid: aedb9e265645987498d7b6c0d9984e9c,
        type: 3}
      propertyPath: m_RootOrder
      value: 3
      objectReference: {fileID: 0}
    - target: {fileID: 5865791924417024686, guid: aedb9e265645987498d7b6c0d9984e9c,
        type: 3}
      propertyPath: m_LocalEulerAnglesHint.x
      value: 0
      objectReference: {fileID: 0}
    - target: {fileID: 5865791924417024686, guid: aedb9e265645987498d7b6c0d9984e9c,
        type: 3}
      propertyPath: m_LocalEulerAnglesHint.y
      value: 0
      objectReference: {fileID: 0}
    - target: {fileID: 5865791924417024686, guid: aedb9e265645987498d7b6c0d9984e9c,
        type: 3}
      propertyPath: m_LocalEulerAnglesHint.z
      value: 0
      objectReference: {fileID: 0}
    m_RemovedComponents: []
  m_SourcePrefab: {fileID: 100100000, guid: aedb9e265645987498d7b6c0d9984e9c, type: 3}
--- !u!4 &2272416680610205722 stripped
Transform:
  m_CorrespondingSourceObject: {fileID: 5865791924417024686, guid: aedb9e265645987498d7b6c0d9984e9c,
    type: 3}
  m_PrefabInstance: {fileID: 5687558434645000884}
  m_PrefabAsset: {fileID: 0}
--- !u!1001 &5687558435114701231
PrefabInstance:
  m_ObjectHideFlags: 0
  serializedVersion: 2
  m_Modification:
    m_TransformParent: {fileID: 5687558435495868648}
    m_Modifications:
    - target: {fileID: 6258788510790521260, guid: 3f8742d35cd57c44182578df61454ad8,
        type: 3}
      propertyPath: m_Name
      value: Hole
      objectReference: {fileID: 0}
    - target: {fileID: 6743205079384669573, guid: 3f8742d35cd57c44182578df61454ad8,
        type: 3}
      propertyPath: m_LocalPosition.x
      value: 10.7
      objectReference: {fileID: 0}
    - target: {fileID: 6743205079384669573, guid: 3f8742d35cd57c44182578df61454ad8,
        type: 3}
      propertyPath: m_LocalPosition.y
      value: -7.99
      objectReference: {fileID: 0}
    - target: {fileID: 6743205079384669573, guid: 3f8742d35cd57c44182578df61454ad8,
        type: 3}
      propertyPath: m_LocalPosition.z
      value: -0.93671876
      objectReference: {fileID: 0}
    - target: {fileID: 6743205079384669573, guid: 3f8742d35cd57c44182578df61454ad8,
        type: 3}
      propertyPath: m_LocalRotation.x
      value: -0
      objectReference: {fileID: 0}
    - target: {fileID: 6743205079384669573, guid: 3f8742d35cd57c44182578df61454ad8,
        type: 3}
      propertyPath: m_LocalRotation.y
      value: -0
      objectReference: {fileID: 0}
    - target: {fileID: 6743205079384669573, guid: 3f8742d35cd57c44182578df61454ad8,
        type: 3}
      propertyPath: m_LocalRotation.z
      value: -0
      objectReference: {fileID: 0}
    - target: {fileID: 6743205079384669573, guid: 3f8742d35cd57c44182578df61454ad8,
        type: 3}
      propertyPath: m_LocalRotation.w
      value: 1
      objectReference: {fileID: 0}
    - target: {fileID: 6743205079384669573, guid: 3f8742d35cd57c44182578df61454ad8,
        type: 3}
      propertyPath: m_RootOrder
      value: 1
      objectReference: {fileID: 0}
    - target: {fileID: 6743205079384669573, guid: 3f8742d35cd57c44182578df61454ad8,
        type: 3}
      propertyPath: m_LocalEulerAnglesHint.x
      value: 0
      objectReference: {fileID: 0}
    - target: {fileID: 6743205079384669573, guid: 3f8742d35cd57c44182578df61454ad8,
        type: 3}
      propertyPath: m_LocalEulerAnglesHint.y
      value: 0
      objectReference: {fileID: 0}
    - target: {fileID: 6743205079384669573, guid: 3f8742d35cd57c44182578df61454ad8,
        type: 3}
      propertyPath: m_LocalEulerAnglesHint.z
      value: 0
      objectReference: {fileID: 0}
    - target: {fileID: 6743205079384669573, guid: 3f8742d35cd57c44182578df61454ad8,
        type: 3}
      propertyPath: m_LocalScale.x
      value: 3
      objectReference: {fileID: 0}
    m_RemovedComponents: []
  m_SourcePrefab: {fileID: 100100000, guid: 3f8742d35cd57c44182578df61454ad8, type: 3}
--- !u!4 &1403690461563776042 stripped
Transform:
  m_CorrespondingSourceObject: {fileID: 6743205079384669573, guid: 3f8742d35cd57c44182578df61454ad8,
    type: 3}
  m_PrefabInstance: {fileID: 5687558435114701231}
  m_PrefabAsset: {fileID: 0}
--- !u!1001 &5687558435300219359
PrefabInstance:
  m_ObjectHideFlags: 0
  serializedVersion: 2
  m_Modification:
    m_TransformParent: {fileID: 5687558435495868648}
    m_Modifications:
    - target: {fileID: 5865791924417024684, guid: aedb9e265645987498d7b6c0d9984e9c,
        type: 3}
      propertyPath: m_Name
      value: Chandelier (1)
      objectReference: {fileID: 0}
    - target: {fileID: 5865791924417024686, guid: aedb9e265645987498d7b6c0d9984e9c,
        type: 3}
      propertyPath: m_LocalPosition.x
      value: 35.2
      objectReference: {fileID: 0}
    - target: {fileID: 5865791924417024686, guid: aedb9e265645987498d7b6c0d9984e9c,
        type: 3}
      propertyPath: m_LocalPosition.y
      value: 4
      objectReference: {fileID: 0}
    - target: {fileID: 5865791924417024686, guid: aedb9e265645987498d7b6c0d9984e9c,
        type: 3}
      propertyPath: m_LocalPosition.z
      value: 0
      objectReference: {fileID: 0}
    - target: {fileID: 5865791924417024686, guid: aedb9e265645987498d7b6c0d9984e9c,
        type: 3}
      propertyPath: m_LocalRotation.x
      value: -0
      objectReference: {fileID: 0}
    - target: {fileID: 5865791924417024686, guid: aedb9e265645987498d7b6c0d9984e9c,
        type: 3}
      propertyPath: m_LocalRotation.y
      value: -0
      objectReference: {fileID: 0}
    - target: {fileID: 5865791924417024686, guid: aedb9e265645987498d7b6c0d9984e9c,
        type: 3}
      propertyPath: m_LocalRotation.z
      value: -0
      objectReference: {fileID: 0}
    - target: {fileID: 5865791924417024686, guid: aedb9e265645987498d7b6c0d9984e9c,
        type: 3}
      propertyPath: m_LocalRotation.w
      value: 1
      objectReference: {fileID: 0}
    - target: {fileID: 5865791924417024686, guid: aedb9e265645987498d7b6c0d9984e9c,
        type: 3}
      propertyPath: m_RootOrder
      value: 5
      objectReference: {fileID: 0}
    - target: {fileID: 5865791924417024686, guid: aedb9e265645987498d7b6c0d9984e9c,
        type: 3}
      propertyPath: m_LocalEulerAnglesHint.x
      value: 0
      objectReference: {fileID: 0}
    - target: {fileID: 5865791924417024686, guid: aedb9e265645987498d7b6c0d9984e9c,
        type: 3}
      propertyPath: m_LocalEulerAnglesHint.y
      value: 0
      objectReference: {fileID: 0}
    - target: {fileID: 5865791924417024686, guid: aedb9e265645987498d7b6c0d9984e9c,
        type: 3}
      propertyPath: m_LocalEulerAnglesHint.z
      value: 0
      objectReference: {fileID: 0}
    m_RemovedComponents: []
  m_SourcePrefab: {fileID: 100100000, guid: aedb9e265645987498d7b6c0d9984e9c, type: 3}
--- !u!4 &2272416678948359025 stripped
Transform:
  m_CorrespondingSourceObject: {fileID: 5865791924417024686, guid: aedb9e265645987498d7b6c0d9984e9c,
    type: 3}
  m_PrefabInstance: {fileID: 5687558435300219359}
  m_PrefabAsset: {fileID: 0}
--- !u!1001 &5687558435521121443
PrefabInstance:
  m_ObjectHideFlags: 0
  serializedVersion: 2
  m_Modification:
    m_TransformParent: {fileID: 5687558435495868648}
    m_Modifications:
    - target: {fileID: 6258788510790521260, guid: 3f8742d35cd57c44182578df61454ad8,
        type: 3}
      propertyPath: m_Name
      value: Hole (1)
      objectReference: {fileID: 0}
    - target: {fileID: 6258788510790521260, guid: 3f8742d35cd57c44182578df61454ad8,
        type: 3}
      propertyPath: m_IsActive
      value: 0
      objectReference: {fileID: 0}
    - target: {fileID: 6743205079384669573, guid: 3f8742d35cd57c44182578df61454ad8,
        type: 3}
      propertyPath: m_LocalPosition.x
      value: 24.2
      objectReference: {fileID: 0}
    - target: {fileID: 6743205079384669573, guid: 3f8742d35cd57c44182578df61454ad8,
        type: 3}
      propertyPath: m_LocalPosition.y
      value: -7.99
      objectReference: {fileID: 0}
    - target: {fileID: 6743205079384669573, guid: 3f8742d35cd57c44182578df61454ad8,
        type: 3}
      propertyPath: m_LocalPosition.z
      value: -0.93671876
      objectReference: {fileID: 0}
    - target: {fileID: 6743205079384669573, guid: 3f8742d35cd57c44182578df61454ad8,
        type: 3}
      propertyPath: m_LocalRotation.x
      value: -0
      objectReference: {fileID: 0}
    - target: {fileID: 6743205079384669573, guid: 3f8742d35cd57c44182578df61454ad8,
        type: 3}
      propertyPath: m_LocalRotation.y
      value: -0
      objectReference: {fileID: 0}
    - target: {fileID: 6743205079384669573, guid: 3f8742d35cd57c44182578df61454ad8,
        type: 3}
      propertyPath: m_LocalRotation.z
      value: -0
      objectReference: {fileID: 0}
    - target: {fileID: 6743205079384669573, guid: 3f8742d35cd57c44182578df61454ad8,
        type: 3}
      propertyPath: m_LocalRotation.w
      value: 1
      objectReference: {fileID: 0}
    - target: {fileID: 6743205079384669573, guid: 3f8742d35cd57c44182578df61454ad8,
        type: 3}
      propertyPath: m_RootOrder
      value: 2
      objectReference: {fileID: 0}
    - target: {fileID: 6743205079384669573, guid: 3f8742d35cd57c44182578df61454ad8,
        type: 3}
      propertyPath: m_LocalEulerAnglesHint.x
      value: 0
      objectReference: {fileID: 0}
    - target: {fileID: 6743205079384669573, guid: 3f8742d35cd57c44182578df61454ad8,
        type: 3}
      propertyPath: m_LocalEulerAnglesHint.y
      value: 0
      objectReference: {fileID: 0}
    - target: {fileID: 6743205079384669573, guid: 3f8742d35cd57c44182578df61454ad8,
        type: 3}
      propertyPath: m_LocalEulerAnglesHint.z
      value: 0
      objectReference: {fileID: 0}
    - target: {fileID: 6743205079384669573, guid: 3f8742d35cd57c44182578df61454ad8,
        type: 3}
      propertyPath: m_LocalScale.x
      value: 3
      objectReference: {fileID: 0}
    m_RemovedComponents: []
  m_SourcePrefab: {fileID: 100100000, guid: 3f8742d35cd57c44182578df61454ad8, type: 3}
--- !u!4 &1403690461710151974 stripped
Transform:
  m_CorrespondingSourceObject: {fileID: 6743205079384669573, guid: 3f8742d35cd57c44182578df61454ad8,
    type: 3}
  m_PrefabInstance: {fileID: 5687558435521121443}
  m_PrefabAsset: {fileID: 0}
--- !u!1001 &5687558435966204937
PrefabInstance:
  m_ObjectHideFlags: 0
  serializedVersion: 2
  m_Modification:
    m_TransformParent: {fileID: 5687558435495868648}
    m_Modifications:
    - target: {fileID: 4019057411670252057, guid: c196d1545d6d65d40b7038791a211ad0,
        type: 3}
      propertyPath: m_LocalPosition.x
      value: 19.2
      objectReference: {fileID: 0}
    - target: {fileID: 4019057411670252057, guid: c196d1545d6d65d40b7038791a211ad0,
        type: 3}
      propertyPath: m_LocalPosition.y
      value: 4
      objectReference: {fileID: 0}
    - target: {fileID: 4019057411670252057, guid: c196d1545d6d65d40b7038791a211ad0,
        type: 3}
      propertyPath: m_LocalPosition.z
      value: 0
      objectReference: {fileID: 0}
    - target: {fileID: 4019057411670252057, guid: c196d1545d6d65d40b7038791a211ad0,
        type: 3}
      propertyPath: m_LocalRotation.x
      value: -0
      objectReference: {fileID: 0}
    - target: {fileID: 4019057411670252057, guid: c196d1545d6d65d40b7038791a211ad0,
        type: 3}
      propertyPath: m_LocalRotation.y
      value: -0
      objectReference: {fileID: 0}
    - target: {fileID: 4019057411670252057, guid: c196d1545d6d65d40b7038791a211ad0,
        type: 3}
      propertyPath: m_LocalRotation.z
      value: -0
      objectReference: {fileID: 0}
    - target: {fileID: 4019057411670252057, guid: c196d1545d6d65d40b7038791a211ad0,
        type: 3}
      propertyPath: m_LocalRotation.w
      value: 1
      objectReference: {fileID: 0}
    - target: {fileID: 4019057411670252057, guid: c196d1545d6d65d40b7038791a211ad0,
        type: 3}
      propertyPath: m_RootOrder
      value: 4
      objectReference: {fileID: 0}
    - target: {fileID: 4019057411670252057, guid: c196d1545d6d65d40b7038791a211ad0,
        type: 3}
      propertyPath: m_LocalEulerAnglesHint.x
      value: 0
      objectReference: {fileID: 0}
    - target: {fileID: 4019057411670252057, guid: c196d1545d6d65d40b7038791a211ad0,
        type: 3}
      propertyPath: m_LocalEulerAnglesHint.y
      value: 0
      objectReference: {fileID: 0}
    - target: {fileID: 4019057411670252057, guid: c196d1545d6d65d40b7038791a211ad0,
        type: 3}
      propertyPath: m_LocalEulerAnglesHint.z
      value: 0
      objectReference: {fileID: 0}
    - target: {fileID: 4019057411670252059, guid: c196d1545d6d65d40b7038791a211ad0,
        type: 3}
      propertyPath: m_Name
      value: Fan
      objectReference: {fileID: 0}
    m_RemovedComponents: []
  m_SourcePrefab: {fileID: 100100000, guid: c196d1545d6d65d40b7038791a211ad0, type: 3}
--- !u!4 &8730451282487879184 stripped
Transform:
  m_CorrespondingSourceObject: {fileID: 4019057411670252057, guid: c196d1545d6d65d40b7038791a211ad0,
    type: 3}
  m_PrefabInstance: {fileID: 5687558435966204937}
  m_PrefabAsset: {fileID: 0}
--- !u!1001 &8295650985450426303
PrefabInstance:
  m_ObjectHideFlags: 0
  serializedVersion: 2
  m_Modification:
    m_TransformParent: {fileID: 5687558435495868648}
    m_Modifications:
    - target: {fileID: 498462108285203760, guid: 500f97ad0c019a54281e12a1ec9f336b,
        type: 3}
      propertyPath: m_Name
      value: Caixa DuplaB
      objectReference: {fileID: 0}
    - target: {fileID: 7885002523579674049, guid: 500f97ad0c019a54281e12a1ec9f336b,
        type: 3}
      propertyPath: m_LocalPosition.x
      value: 14
      objectReference: {fileID: 0}
    - target: {fileID: 7885002523579674049, guid: 500f97ad0c019a54281e12a1ec9f336b,
        type: 3}
      propertyPath: m_LocalPosition.y
      value: -5.73
      objectReference: {fileID: 0}
    - target: {fileID: 7885002523579674049, guid: 500f97ad0c019a54281e12a1ec9f336b,
        type: 3}
      propertyPath: m_LocalPosition.z
      value: 0
      objectReference: {fileID: 0}
    - target: {fileID: 7885002523579674049, guid: 500f97ad0c019a54281e12a1ec9f336b,
        type: 3}
      propertyPath: m_LocalRotation.x
      value: -0
      objectReference: {fileID: 0}
    - target: {fileID: 7885002523579674049, guid: 500f97ad0c019a54281e12a1ec9f336b,
        type: 3}
      propertyPath: m_LocalRotation.y
      value: -0
      objectReference: {fileID: 0}
    - target: {fileID: 7885002523579674049, guid: 500f97ad0c019a54281e12a1ec9f336b,
        type: 3}
      propertyPath: m_LocalRotation.z
      value: -0
      objectReference: {fileID: 0}
    - target: {fileID: 7885002523579674049, guid: 500f97ad0c019a54281e12a1ec9f336b,
        type: 3}
      propertyPath: m_LocalRotation.w
      value: 1
      objectReference: {fileID: 0}
    - target: {fileID: 7885002523579674049, guid: 500f97ad0c019a54281e12a1ec9f336b,
        type: 3}
      propertyPath: m_RootOrder
      value: 6
      objectReference: {fileID: 0}
    - target: {fileID: 7885002523579674049, guid: 500f97ad0c019a54281e12a1ec9f336b,
        type: 3}
      propertyPath: m_LocalEulerAnglesHint.x
      value: 0
      objectReference: {fileID: 0}
    - target: {fileID: 7885002523579674049, guid: 500f97ad0c019a54281e12a1ec9f336b,
        type: 3}
      propertyPath: m_LocalEulerAnglesHint.y
      value: 0
      objectReference: {fileID: 0}
    - target: {fileID: 7885002523579674049, guid: 500f97ad0c019a54281e12a1ec9f336b,
        type: 3}
      propertyPath: m_LocalEulerAnglesHint.z
      value: 0
      objectReference: {fileID: 0}
    m_RemovedComponents: []
  m_SourcePrefab: {fileID: 100100000, guid: 500f97ad0c019a54281e12a1ec9f336b, type: 3}
--- !u!4 &2183465830654812798 stripped
Transform:
  m_CorrespondingSourceObject: {fileID: 7885002523579674049, guid: 500f97ad0c019a54281e12a1ec9f336b,
    type: 3}
  m_PrefabInstance: {fileID: 8295650985450426303}
  m_PrefabAsset: {fileID: 0}
